@ARTICLE{2025MNRAS.536...27W,
       author = {{Witstok}, Joris and {Maiolino}, Roberto and {Smit}, Renske and {Jones}, Gareth C. and {Bunker}, Andrew J. and {Helton}, Jakob M. and {Johnson}, Benjamin D. and {Tacchella}, Sandro and {Saxena}, Aayush and {Arribas}, Santiago and {Bhatawdekar}, Rachana and {Boyett}, Kristan and {Cameron}, Alex J. and {Cargile}, Phillip A. and {Carniani}, Stefano and {Charlot}, St{\'e}phane and {Chevallard}, Jacopo and {Curti}, Mirko and {Curtis-Lake}, Emma and {D'Eugenio}, Francesco and {Eisenstein}, Daniel J. and {Hainline}, Kevin and {Hausen}, Ryan and {Kumari}, Nimisha and {Laseter}, Isaac and {Maseda}, Michael V. and {Rieke}, Marcia and {Robertson}, Brant and {Scholtz}, Jan and {Shivaei}, Irene and {Williams}, Christina C. and {Willmer}, Christopher N.~A. and {Willott}, Chris},
        title = "{JADES: primaeval Lyman {\ensuremath{\alpha}} emitting galaxies reveal early sites of reionization out to redshift z \raisebox{-0.5ex}\textasciitilde 9}",
      journal = {\mnras},
     keywords = {Astrophysics - Astrophysics of Galaxies},
         year = 2025,
        month = jan,
       volume = {536},
       number = {1},
        pages = {27-50},
          doi = {10.1093/mnras/stae2535},
archivePrefix = {arXiv},
       eprint = {2404.05724},
 primaryClass = {astro-ph.GA},
       adsurl = {https://ui.adsabs.harvard.edu/abs/2025MNRAS.536...27W},
      adsnote = {Provided by the SAO/NASA Astrophysics Data System}
}

@ARTICLE{2024arXiv240714201N,
       author = {{Navarro-Carrera}, Rafael and {Caputi}, Karina I. and {Iani}, Edoardo and {Rinaldi}, Pierluigi and {Kokorev}, Vasily and {Kerutt}, Josephine},
        title = "{The interstellar medium conditions of a strong Lya emitter at z = 8.279 revealed by JWST: a robust LyC leaker candidate at the Epoch of Reionization}",
      journal = {arXiv e-prints},
     keywords = {Astrophysics - Astrophysics of Galaxies},
         year = 2024,
        month = jul,
          eid = {arXiv:2407.14201},
        pages = {arXiv:2407.14201},
          doi = {10.48550/arXiv.2407.14201},
archivePrefix = {arXiv},
       eprint = {2407.14201},
 primaryClass = {astro-ph.GA},
       adsurl = {https://ui.adsabs.harvard.edu/abs/2024arXiv240714201N},
      adsnote = {Provided by the SAO/NASA Astrophysics Data System}
}

@ARTICLE{2024ApJ...975..208T,
       author = {{Tang}, Mengtao and {Stark}, Daniel P. and {Topping}, Michael W. and {Mason}, Charlotte and {Ellis}, Richard S.},
        title = "{JWST/NIRSpec Observations of Lyman {\ensuremath{\alpha}} Emission in Star-forming Galaxies at 6.5 {\ensuremath{\lesssim}} z {\ensuremath{\lesssim}} 13}",
      journal = {\apj},
     keywords = {Reionization, High-redshift galaxies, Observational cosmology, 1383, 734, 1146, Astrophysics - Astrophysics of Galaxies},
         year = 2024,
        month = nov,
       volume = {975},
       number = {2},
          eid = {208},
        pages = {208},
          doi = {10.3847/1538-4357/ad7eb7},
archivePrefix = {arXiv},
       eprint = {2408.01507},
 primaryClass = {astro-ph.GA},
       adsurl = {https://ui.adsabs.harvard.edu/abs/2024ApJ...975..208T},
      adsnote = {Provided by the SAO/NASA Astrophysics Data System}
}

@ARTICLE{2024ApJ...974...41H,
       author = {{Helton}, Jakob M. and {Sun}, Fengwu and {Woodrum}, Charity and {Hainline}, Kevin N. and {Willmer}, Christopher N.~A. and {Rieke}, Marcia J. and {Rieke}, George H. and {Alberts}, Stacey and {Eisenstein}, Daniel J. and {Tacchella}, Sandro and {Robertson}, Brant and {Johnson}, Benjamin D. and {Baker}, William M. and {Bhatawdekar}, Rachana and {Bunker}, Andrew J. and {Chen}, Zuyi and {Egami}, Eiichi and {Ji}, Zhiyuan and {Maiolino}, Roberto and {Willott}, Chris and {Witstok}, Joris},
        title = "{Identification of High-redshift Galaxy Overdensities in GOODS-N and GOODS-S}",
      journal = {\apj},
     keywords = {Early universe, Galaxy evolution, Galaxy formation, High-redshift galaxies, High-redshift galaxy clusters, 435, 594, 595, 734, 2007, Astrophysics - Astrophysics of Galaxies},
         year = 2024,
        month = oct,
       volume = {974},
       number = {1},
          eid = {41},
        pages = {41},
          doi = {10.3847/1538-4357/ad6867},
archivePrefix = {arXiv},
       eprint = {2311.04270},
 primaryClass = {astro-ph.GA},
       adsurl = {https://ui.adsabs.harvard.edu/abs/2024ApJ...974...41H},
      adsnote = {Provided by the SAO/NASA Astrophysics Data System}
}

@ARTICLE{2024A&A...684A..84S,
       author = {{Saxena}, Aayush and {Bunker}, Andrew J. and {Jones}, Gareth C. and {Stark}, Daniel P. and {Cameron}, Alex J. and {Witstok}, Joris and {Arribas}, Santiago and {Baker}, William M. and {Baum}, Stefi and {Bhatawdekar}, Rachana and {Bowler}, Rebecca and {Boyett}, Kristan and {Carniani}, Stefano and {Charlot}, Stephane and {Chevallard}, Jacopo and {Curti}, Mirko and {Curtis-Lake}, Emma and {Eisenstein}, Daniel J. and {Endsley}, Ryan and {Hainline}, Kevin and {Helton}, Jakob M. and {Johnson}, Benjamin D. and {Kumari}, Nimisha and {Looser}, Tobias J. and {Maiolino}, Roberto and {Rieke}, Marcia and {Rix}, Hans-Walter and {Robertson}, Brant E. and {Sandles}, Lester and {Simmonds}, Charlotte and {Smit}, Renske and {Tacchella}, Sandro and {Williams}, Christina C. and {Willmer}, Christopher N.~A. and {Willott}, Chris},
        title = "{JADES: The production and escape of ionizing photons from faint Lyman-alpha emitters in the epoch of reionization}",
      journal = {\aap},
     keywords = {galaxies: evolution, galaxies: high-redshift, galaxies: star formation, dark ages, reionization, first stars, Astrophysics - Astrophysics of Galaxies},
         year = 2024,
        month = apr,
       volume = {684},
          eid = {A84},
        pages = {A84},
          doi = {10.1051/0004-6361/202347132},
archivePrefix = {arXiv},
       eprint = {2306.04536},
 primaryClass = {astro-ph.GA},
       adsurl = {https://ui.adsabs.harvard.edu/abs/2024A&A...684A..84S},
      adsnote = {Provided by the SAO/NASA Astrophysics Data System}
}

@ARTICLE{2024A&A...682A..40W,
       author = {{Witstok}, Joris and {Smit}, Renske and {Saxena}, Aayush and {Jones}, Gareth C. and {Helton}, Jakob M. and {Sun}, Fengwu and {Maiolino}, Roberto and {Kumari}, Nimisha and {Stark}, Daniel P. and {Bunker}, Andrew J. and {Arribas}, Santiago and {Baker}, William M. and {Bhatawdekar}, Rachana and {Boyett}, Kristan and {Cameron}, Alex J. and {Carniani}, Stefano and {Charlot}, Stephane and {Chevallard}, Jacopo and {Curti}, Mirko and {Curtis-Lake}, Emma and {Eisenstein}, Daniel J. and {Endsley}, Ryan and {Hainline}, Kevin and {Ji}, Zhiyuan and {Johnson}, Benjamin D. and {Looser}, Tobias J. and {Nelson}, Erica and {Perna}, Michele and {Rix}, Hans-Walter and {Robertson}, Brant E. and {Sandles}, Lester and {Scholtz}, Jan and {Simmonds}, Charlotte and {Tacchella}, Sandro and {{\"U}bler}, Hannah and {Williams}, Christina C. and {Willmer}, Christopher N.~A. and {Willott}, Chris},
        title = "{Inside the bubble: exploring the environments of reionisation-era Lyman-{\ensuremath{\alpha}} emitting galaxies with JADES and FRESCO}",
      journal = {\aap},
     keywords = {dark ages, reionization, first stars, large-scale structure of Universe, galaxies: high-redshift, Astrophysics - Astrophysics of Galaxies},
         year = 2024,
        month = feb,
       volume = {682},
          eid = {A40},
        pages = {A40},
          doi = {10.1051/0004-6361/202347176},
archivePrefix = {arXiv},
       eprint = {2306.04627},
 primaryClass = {astro-ph.GA},
       adsurl = {https://ui.adsabs.harvard.edu/abs/2024A&A...682A..40W},
      adsnote = {Provided by the SAO/NASA Astrophysics Data System}
}

@ARTICLE{2023MNRAS.525.2864O,
       author = {{Oesch}, P.~A. and {Brammer}, G. and {Naidu}, R.~P. and {Bouwens}, R.~J. and {Chisholm}, J. and {Illingworth}, G.~D. and {Matthee}, J. and {Nelson}, E. and {Qin}, Y. and {Reddy}, N. and {Shapley}, A. and {Shivaei}, I. and {van Dokkum}, P. and {Weibel}, A. and {Whitaker}, K. and {Wuyts}, S. and {Covelo-Paz}, A. and {Endsley}, R. and {Fudamoto}, Y. and {Giovinazzo}, E. and {Herard-Demanche}, T. and {Kerutt}, J. and {Kramarenko}, I. and {Labbe}, I. and {Leonova}, E. and {Lin}, J. and {Magee}, D. and {Marchesini}, D. and {Maseda}, M. and {Mason}, C. and {Matharu}, J. and {Meyer}, R.~A. and {Neufeld}, C. and {Prieto Lyon}, G. and {Schaerer}, D. and {Sharma}, R. and {Shuntov}, M. and {Smit}, R. and {Stefanon}, M. and {Wyithe}, J.~S.~B. and {Xiao}, M.},
        title = "{The JWST FRESCO survey: legacy NIRCam/grism spectroscopy and imaging in the two GOODS fields}",
      journal = {\mnras},
     keywords = {surveys, galaxies: evolution, galaxies: formation, galaxies: high-redshift, dark ages, reionization, first stars, Astrophysics - Astrophysics of Galaxies},
         year = 2023,
        month = oct,
       volume = {525},
       number = {2},
        pages = {2864-2874},
          doi = {10.1093/mnras/stad2411},
archivePrefix = {arXiv},
       eprint = {2304.02026},
 primaryClass = {astro-ph.GA},
       adsurl = {https://ui.adsabs.harvard.edu/abs/2023MNRAS.525.2864O},
      adsnote = {Provided by the SAO/NASA Astrophysics Data System}
}

@ARTICLE{2023arXiv230602465E,
       author = {{Eisenstein}, Daniel J. and {Willott}, Chris and {Alberts}, Stacey and {Arribas}, Santiago and {Bonaventura}, Nina and {Bunker}, Andrew J. and {Cameron}, Alex J. and {Carniani}, Stefano and {Charlot}, Stephane and {Curtis-Lake}, Emma and {D'Eugenio}, Francesco and {Endsley}, Ryan and {Ferruit}, Pierre and {Giardino}, Giovanna and {Hainline}, Kevin and {Hausen}, Ryan and {Jakobsen}, Peter and {Johnson}, Benjamin D. and {Maiolino}, Roberto and {Rieke}, Marcia and {Rieke}, George and {Rix}, Hans-Walter and {Robertson}, Brant and {Stark}, Daniel P. and {Tacchella}, Sandro and {Williams}, Christina C. and {Willmer}, Christopher N.~A. and {Baker}, William M. and {Baum}, Stefi and {Bhatawdekar}, Rachana and {Boyett}, Kristan and {Chen}, Zuyi and {Chevallard}, Jacopo and {Circosta}, Chiara and {Curti}, Mirko and {Danhaive}, A. Lola and {DeCoursey}, Christa and {de Graaff}, Anna and {Dressler}, Alan and {Egami}, Eiichi and {Helton}, Jakob M. and {Hviding}, Raphael E. and {Ji}, Zhiyuan and {Jones}, Gareth C. and {Kumari}, Nimisha and {L{\"u}tzgendorf}, Nora and {Laseter}, Isaac and {Looser}, Tobias J. and {Lyu}, Jianwei and {Maseda}, Michael V. and {Nelson}, Erica and {Parlanti}, Eleonora and {Perna}, Michele and {Pusk{\'a}s}, D{\'a}vid and {Rawle}, Tim and {Rodr{\'\i}guez Del Pino}, Bruno and {Sandles}, Lester and {Saxena}, Aayush and {Scholtz}, Jan and {Sharpe}, Katherine and {Shivaei}, Irene and {Silcock}, Maddie S. and {Simmonds}, Charlotte and {Skarbinski}, Maya and {Smit}, Renske and {Stone}, Meredith and {Suess}, Katherine A. and {Sun}, Fengwu and {Tang}, Mengtao and {Topping}, Michael W. and {{\"U}bler}, Hannah and {Villanueva}, Natalia C. and {Wallace}, Imaan E.~B. and {Whitler}, Lily and {Witstok}, Joris and {Woodrum}, Charity},
        title = "{Overview of the JWST Advanced Deep Extragalactic Survey (JADES)}",
      journal = {arXiv e-prints},
     keywords = {Astrophysics - Astrophysics of Galaxies},
         year = 2023,
        month = jun,
          eid = {arXiv:2306.02465},
        pages = {arXiv:2306.02465},
          doi = {10.48550/arXiv.2306.02465},
archivePrefix = {arXiv},
       eprint = {2306.02465},
 primaryClass = {astro-ph.GA},
       adsurl = {https://ui.adsabs.harvard.edu/abs/2023arXiv230602465E},
      adsnote = {Provided by the SAO/NASA Astrophysics Data System}
}

@ARTICLE{2023A&A...678A..68S,
       author = {{Saxena}, Aayush and {Robertson}, Brant E. and {Bunker}, Andrew J. and {Endsley}, Ryan and {Cameron}, Alex J. and {Charlot}, Stephane and {Simmonds}, Charlotte and {Tacchella}, Sandro and {Witstok}, Joris and {Willott}, Chris and {Carniani}, Stefano and {Curtis-Lake}, Emma and {Ferruit}, Pierre and {Jakobsen}, Peter and {Arribas}, Santiago and {Chevallard}, Jacopo and {Curti}, Mirko and {D'Eugenio}, Francesco and {De Graaff}, Anna and {Jones}, Gareth C. and {Looser}, Tobias J. and {Maseda}, Michael V. and {Rawle}, Tim and {Rix}, Hans-Walter and {Del Pino}, Bruno Rodr{\'\i}guez and {Smit}, Renske and {{\"U}bler}, Hannah and {Eisenstein}, Daniel J. and {Hainline}, Kevin and {Hausen}, Ryan and {Johnson}, Benjamin D. and {Rieke}, Marcia and {Williams}, Christina C. and {Willmer}, Christopher N.~A. and {Baker}, William M. and {Bhatawdekar}, Rachana and {Bowler}, Rebecca and {Boyett}, Kristan and {Chen}, Zuyi and {Egami}, Eiichi and {Ji}, Zhiyuan and {Kumari}, Nimisha and {Nelson}, Erica and {Perna}, Michele and {Sandles}, Lester and {Scholtz}, Jan and {Shivaei}, Irene},
        title = "{JADES: Discovery of extremely high equivalent width Lyman-{\ensuremath{\alpha}} emission from a faint galaxy within an ionized bubble at z = 7.3}",
      journal = {\aap},
     keywords = {dark ages, reionization, first stars, galaxies: high-redshift, galaxies: evolution, galaxies: star formation, Astrophysics - Astrophysics of Galaxies, Astrophysics - Cosmology and Nongalactic Astrophysics},
         year = 2023,
        month = oct,
       volume = {678},
          eid = {A68},
        pages = {A68},
          doi = {10.1051/0004-6361/202346245},
archivePrefix = {arXiv},
       eprint = {2302.12805},
 primaryClass = {astro-ph.GA},
       adsurl = {https://ui.adsabs.harvard.edu/abs/2023A&A...678A..68S},
      adsnote = {Provided by the SAO/NASA Astrophysics Data System}
}

@ARTICLE{2020MNRAS.499.1395M,
       author = {{Mason}, Charlotte A. and {Gronke}, Max},
        title = "{Measuring the properties of reionized bubbles with resolved Ly{\ensuremath{\alpha}} spectra}",
      journal = {\mnras},
     keywords = {galaxies: high-redshift, intergalactic medium, dark ages, reionization, first stars, Astrophysics - Astrophysics of Galaxies, Astrophysics - Cosmology and Nongalactic Astrophysics},
         year = 2020,
        month = nov,
       volume = {499},
       number = {1},
        pages = {1395-1405},
          doi = {10.1093/mnras/staa2910},
archivePrefix = {arXiv},
       eprint = {2004.13065},
 primaryClass = {astro-ph.GA},
       adsurl = {https://ui.adsabs.harvard.edu/abs/2020MNRAS.499.1395M},
      adsnote = {Provided by the SAO/NASA Astrophysics Data System}
}

@ARTICLE{2020A&A...641A...6P,
       author = {{Planck Collaboration} and {Aghanim}, N. and {Akrami}, Y. and {Ashdown}, M. and {Aumont}, J. and {Baccigalupi}, C. and {Ballardini}, M. and {Banday}, A.~J. and {Barreiro}, R.~B. and {Bartolo}, N. and {Basak}, S. and {Battye}, R. and {Benabed}, K. and {Bernard}, J. -P. and {Bersanelli}, M. and {Bielewicz}, P. and {Bock}, J.~J. and {Bond}, J.~R. and {Borrill}, J. and {Bouchet}, F.~R. and {Boulanger}, F. and {Bucher}, M. and {Burigana}, C. and {Butler}, R.~C. and {Calabrese}, E. and {Cardoso}, J. -F. and {Carron}, J. and {Challinor}, A. and {Chiang}, H.~C. and {Chluba}, J. and {Colombo}, L.~P.~L. and {Combet}, C. and {Contreras}, D. and {Crill}, B.~P. and {Cuttaia}, F. and {de Bernardis}, P. and {de Zotti}, G. and {Delabrouille}, J. and {Delouis}, J. -M. and {Di Valentino}, E. and {Diego}, J.~M. and {Dor{\'e}}, O. and {Douspis}, M. and {Ducout}, A. and {Dupac}, X. and {Dusini}, S. and {Efstathiou}, G. and {Elsner}, F. and {En{\ss}lin}, T.~A. and {Eriksen}, H.~K. and {Fantaye}, Y. and {Farhang}, M. and {Fergusson}, J. and {Fernandez-Cobos}, R. and {Finelli}, F. and {Forastieri}, F. and {Frailis}, M. and {Fraisse}, A.~A. and {Franceschi}, E. and {Frolov}, A. and {Galeotta}, S. and {Galli}, S. and {Ganga}, K. and {G{\'e}nova-Santos}, R.~T. and {Gerbino}, M. and {Ghosh}, T. and {Gonz{\'a}lez-Nuevo}, J. and {G{\'o}rski}, K.~M. and {Gratton}, S. and {Gruppuso}, A. and {Gudmundsson}, J.~E. and {Hamann}, J. and {Handley}, W. and {Hansen}, F.~K. and {Herranz}, D. and {Hildebrandt}, S.~R. and {Hivon}, E. and {Huang}, Z. and {Jaffe}, A.~H. and {Jones}, W.~C. and {Karakci}, A. and {Keih{\"a}nen}, E. and {Keskitalo}, R. and {Kiiveri}, K. and {Kim}, J. and {Kisner}, T.~S. and {Knox}, L. and {Krachmalnicoff}, N. and {Kunz}, M. and {Kurki-Suonio}, H. and {Lagache}, G. and {Lamarre}, J. -M. and {Lasenby}, A. and {Lattanzi}, M. and {Lawrence}, C.~R. and {Le Jeune}, M. and {Lemos}, P. and {Lesgourgues}, J. and {Levrier}, F. and {Lewis}, A. and {Liguori}, M. and {Lilje}, P.~B. and {Lilley}, M. and {Lindholm}, V. and {L{\'o}pez-Caniego}, M. and {Lubin}, P.~M. and {Ma}, Y. -Z. and {Mac{\'\i}as-P{\'e}rez}, J.~F. and {Maggio}, G. and {Maino}, D. and {Mandolesi}, N. and {Mangilli}, A. and {Marcos-Caballero}, A. and {Maris}, M. and {Martin}, P.~G. and {Martinelli}, M. and {Mart{\'\i}nez-Gonz{\'a}lez}, E. and {Matarrese}, S. and {Mauri}, N. and {McEwen}, J.~D. and {Meinhold}, P.~R. and {Melchiorri}, A. and {Mennella}, A. and {Migliaccio}, M. and {Millea}, M. and {Mitra}, S. and {Miville-Desch{\^e}nes}, M. -A. and {Molinari}, D. and {Montier}, L. and {Morgante}, G. and {Moss}, A. and {Natoli}, P. and {N{\o}rgaard-Nielsen}, H.~U. and {Pagano}, L. and {Paoletti}, D. and {Partridge}, B. and {Patanchon}, G. and {Peiris}, H.~V. and {Perrotta}, F. and {Pettorino}, V. and {Piacentini}, F. and {Polastri}, L. and {Polenta}, G. and {Puget}, J. -L. and {Rachen}, J.~P. and {Reinecke}, M. and {Remazeilles}, M. and {Renzi}, A. and {Rocha}, G. and {Rosset}, C. and {Roudier}, G. and {Rubi{\~n}o-Mart{\'\i}n}, J.~A. and {Ruiz-Granados}, B. and {Salvati}, L. and {Sandri}, M. and {Savelainen}, M. and {Scott}, D. and {Shellard}, E.~P.~S. and {Sirignano}, C. and {Sirri}, G. and {Spencer}, L.~D. and {Sunyaev}, R. and {Suur-Uski}, A. -S. and {Tauber}, J.~A. and {Tavagnacco}, D. and {Tenti}, M. and {Toffolatti}, L. and {Tomasi}, M. and {Trombetti}, T. and {Valenziano}, L. and {Valiviita}, J. and {Van Tent}, B. and {Vibert}, L. and {Vielva}, P. and {Villa}, F. and {Vittorio}, N. and {Wandelt}, B.~D. and {Wehus}, I.~K. and {White}, M. and {White}, S.~D.~M. and {Zacchei}, A. and {Zonca}, A.},
        title = "{Planck 2018 results. VI. Cosmological parameters}",
      journal = {\aap},
     keywords = {cosmic background radiation, cosmological parameters, Astrophysics - Cosmology and Nongalactic Astrophysics},
         year = 2020,
        month = sep,
       volume = {641},
          eid = {A6},
        pages = {A6},
          doi = {10.1051/0004-6361/201833910},
archivePrefix = {arXiv},
       eprint = {1807.06209},
 primaryClass = {astro-ph.CO},
       adsurl = {https://ui.adsabs.harvard.edu/abs/2020A&A...641A...6P},
      adsnote = {Provided by the SAO/NASA Astrophysics Data System}
}

@ARTICLE{2000ApJ...542L..75C,
       author = {{Cen}, Renyue and {Haiman}, Zoltan},
        title = "{Quasar Str{\"o}mgren Spheres Before Cosmological Reionization}",
      journal = {\apjl},
     keywords = {Line: Profiles, Galaxies: Quasars: Absorption Lines, Galaxies: Quasars: Emission Lines, Techniques: Spectroscopic, Ultraviolet: General, Astrophysics},
         year = 2000,
        month = oct,
       volume = {542},
       number = {2},
        pages = {L75-L78},
          doi = {10.1086/312937},
archivePrefix = {arXiv},
       eprint = {astro-ph/0006376},
 primaryClass = {astro-ph},
       adsurl = {https://ui.adsabs.harvard.edu/abs/2000ApJ...542L..75C},
      adsnote = {Provided by the SAO/NASA Astrophysics Data System}
}

@ARTICLE{1983ApJ...266..713O,
       author = {{Oke}, J.~B. and {Gunn}, J.~E.},
        title = "{Secondary standard stars for absolute spectrophotometry.}",
      journal = {\apj},
     keywords = {Reference Stars, Spectral Energy Distribution, Stellar Spectrophotometry, Subdwarf Stars, Calibrating, Line Spectra, Astronomy},
         year = 1983,
        month = mar,
       volume = {266},
        pages = {713-717},
          doi = {10.1086/160817},
       adsurl = {https://ui.adsabs.harvard.edu/abs/1983ApJ...266..713O},
      adsnote = {Provided by the SAO/NASA Astrophysics Data System}
}

@ARTICLE{1913PMag...26....1B,
       author = {{Bohr}, Niels},
        title = "{On the Constitutions of Atoms and Molecules. Pt. I.}",
      journal = {Philosophical Magazine},
     keywords = {ATOM, LINEAR'S SPECTRA EMISSION, RADIATION's ABSORPTION, GROUND STATE},
         year = 1913,
        month = dec,
       volume = {26},
        pages = {1-25},
          doi = {10.1080/14786441308634955},
       adsurl = {https://ui.adsabs.harvard.edu/abs/1913PMag...26....1B},
      adsnote = {Provided by the SAO/NASA Astrophysics Data System}
}

